<?xml version="1.0" encoding="UTF-8"?><record xmlns="http://www.loc.gov/MARC21/slim" xmlns:cinclude="http://apache.org/cocoon/include/1.0" xmlns:zs="http://www.loc.gov/zing/srw/">
  <leader>01042nz  a2200253n  4500</leader>
  <controlfield tag="001">no2013034735</controlfield>
  <controlfield tag="003">DLC</controlfield>
  <controlfield tag="005">20130330075256.0</controlfield>
  <controlfield tag="008">130328n| azannaabn          |b aaa     c</controlfield>
  <datafield tag="010" ind1=" " ind2=" ">
    <subfield code="a">no2013034735</subfield>
  </datafield>
  <datafield tag="035" ind1=" " ind2=" ">
    <subfield code="a">(OCoLC)oca09438938</subfield>
  </datafield>
  <datafield tag="040" ind1=" " ind2=" ">
    <subfield code="a">ICrlF</subfield>
    <subfield code="b">eng</subfield>
    <subfield code="e">rda</subfield>
    <subfield code="c">ICrlF</subfield>
  </datafield>
  <datafield tag="100" ind1="1" ind2=" ">
    <subfield code="a">Tōmori, Miyoshi.</subfield>
    <subfield code="t">Akuma to rabu songu.</subfield>
    <subfield code="l">English</subfield>
  </datafield>
  <datafield tag="377" ind1=" " ind2=" ">
    <subfield code="a">eng</subfield>
  </datafield>
  <datafield tag="400" ind1="1" ind2=" ">
    <subfield code="a">Tōmori, Miyoshi.</subfield>
    <subfield code="t">悪魔とラブソング.</subfield>
    <subfield code="l">English</subfield>
  </datafield>
  <datafield tag="400" ind1="1" ind2=" ">
    <subfield code="a">Tōmori, Miyoshi.</subfield>
    <subfield code="t">Akuma to love song.</subfield>
    <subfield code="l">English</subfield>
  </datafield>
  <datafield tag="400" ind1="1" ind2=" ">
    <subfield code="a">Tōmori, Miyoshi.</subfield>
    <subfield code="t">Devil and her love song</subfield>
  </datafield>
  <datafield tag="430" ind1=" " ind2="0">
    <subfield code="a">Akuma to rabu songu.</subfield>
    <subfield code="l">English</subfield>
  </datafield>
  <datafield tag="430" ind1=" " ind2="0">
    <subfield code="a">悪魔とラブソング.</subfield>
    <subfield code="l">English</subfield>
  </datafield>
  <datafield tag="430" ind1=" " ind2="0">
    <subfield code="a">Akuma to love song.</subfield>
    <subfield code="l">English</subfield>
  </datafield>
  <datafield tag="430" ind1=" " ind2="0">
    <subfield code="a">Devil and her love song</subfield>
  </datafield>
  <datafield tag="667" ind1=" " ind2=" ">
    <subfield code="a">Non-Latin script reference not evaluated.</subfield>
  </datafield>
  <datafield tag="670" ind1=" " ind2=" ">
    <subfield code="a">Her A devil and her love song, 2013:</subfield>
    <subfield code="b">vol. 8, t.p. (A devil and her love song) colophon (Akuma to love song ©2006)</subfield>
  </datafield>
  <datafield tag="670" ind1=" " ind2=" ">
    <subfield code="a">OCLC, Mar. 26, 2012</subfield>
    <subfield code="b">(Akuma to rabu songu = 悪魔とラブソング ;  Akuma to love song ; A devil and her love song)</subfield>
  </datafield>
</record>